<collection xmlns="http://www.loc.gov/MARC21/slim">
<record>
  <leader>01610nam0a22003371i 450 </leader>
  <controlfield tag="001">IT\ICCU\CNCE\056275</controlfield>
  <controlfield tag="005">20061207000000.0</controlfield>
  <datafield tag="100" ind1=" " ind2=" ">
    <subfield code="a">20040311d1503        0itac0103    ba</subfield>
  </datafield>
  <datafield tag="101" ind1=" " ind2=" ">
    <subfield code="a">LAT</subfield>
  </datafield>
  <datafield tag="102" ind1=" " ind2=" ">
    <subfield code="a">IT</subfield>
  </datafield>
  <datafield tag="200" ind1="1" ind2=" ">
    <subfield code="a">℗Q. Rhemnii Palemonis Vicentini ℗Arte grammatica, Donati u. cl. De octo partibus orationis</subfield>
  </datafield>
  <datafield tag="205" ind1=" " ind2=" ">
    <subfield code="a">Editio secunda</subfield>
  </datafield>
  <datafield tag="210" ind1=" " ind2=" ">
    <subfield code="a">Fani</subfield>
    <subfield code="c">Soncinus Hieronymus excudebat</subfield>
    <subfield code="d">1503</subfield>
  </datafield>
  <datafield tag="215" ind1=" " ind2=" ">
    <subfield code="a">4ʻ</subfield>
  </datafield>
  <datafield tag="300" ind1=" " ind2=" ">
    <subfield code="a">Annullata!  ̈una parte di CNCE 3272. CFR. MZSON, p. 41 ss</subfield>
  </datafield>
  <datafield tag="620" ind1=" " ind2=" ">
    <subfield code="a">IT</subfield>
    <subfield code="d">Fano</subfield>
  </datafield>
  <datafield tag="700" ind1=" " ind2="1">
    <subfield code="a">Palaemon,</subfield>
    <subfield code="b">Quintus Remmius</subfield>
    <subfield code="3">IT\ICCU\CNCA\000323</subfield>
  </datafield>
  <datafield tag="702" ind1=" " ind2="1">
    <subfield code="a">Donatus,</subfield>
    <subfield code="b">Aelius</subfield>
    <subfield code="3">IT\ICCU\CNCA\000324</subfield>
  </datafield>
  <datafield tag="712" ind1="0" ind2="0">
    <subfield code="a">Soncino, Girolamo</subfield>
    <subfield code="3">IT\ICCU\CNCT\000277</subfield>
    <subfield code="4">650</subfield>
  </datafield>
  <datafield tag="790" ind1=" " ind2="0">
    <subfield code="a">Rhemnius</subfield>
    <subfield code="3">IT\ICCU\CNCA\004855</subfield>
    <subfield code="z">Palaemon, Quintus Remmius</subfield>
  </datafield>
  <datafield tag="790" ind1=" " ind2="1">
    <subfield code="a">Remmio Palemone,</subfield>
    <subfield code="b">Quinto</subfield>
    <subfield code="3">IT\ICCU\CNCA\014631</subfield>
    <subfield code="z">Palaemon, Quintus Remmius</subfield>
  </datafield>
  <datafield tag="790" ind1=" " ind2="1">
    <subfield code="a">Remmius Palaemon,</subfield>
    <subfield code="b">Quintus</subfield>
    <subfield code="3">IT\ICCU\CNCA\014896</subfield>
    <subfield code="z">Palaemon, Quintus Remmius</subfield>
  </datafield>
  <datafield tag="790" ind1=" " ind2="1">
    <subfield code="a">Rhemnius Palaemon,</subfield>
    <subfield code="b">Quintus Fannius</subfield>
    <subfield code="3">IT\ICCU\CNCA\030019</subfield>
    <subfield code="z">Palaemon, Quintus Remmius</subfield>
  </datafield>
  <datafield tag="790" ind1=" " ind2="1">
    <subfield code="a">Dionisius,</subfield>
    <subfield code="b">Appollonius Donatus</subfield>
    <subfield code="3">IT\ICCU\CNCA\004906</subfield>
    <subfield code="z">Donatus, Aelius</subfield>
  </datafield>
  <datafield tag="790" ind1=" " ind2="0">
    <subfield code="a">Aelius</subfield>
    <subfield code="c"> : Donatus</subfield>
    <subfield code="3">IT\ICCU\CNCA\009367</subfield>
    <subfield code="z">Donatus, Aelius</subfield>
  </datafield>
  <datafield tag="791" ind1="0" ind2="0">
    <subfield code="a">Soncino, Gershom ben Mosheh</subfield>
    <subfield code="3">IT\ICCU\CNCT\002888</subfield>
    <subfield code="z">Soncino, Girolamo</subfield>
  </datafield>
  <datafield tag="791" ind1="0" ind2="0">
    <subfield code="a">Soncinus, Hieronymus</subfield>
    <subfield code="3">IT\ICCU\CNCT\005713</subfield>
    <subfield code="z">Soncino, Girolamo</subfield>
  </datafield>
  <datafield tag="791" ind1="0" ind2="0">
    <subfield code="a">Soncinas, Hieronymus</subfield>
    <subfield code="3">IT\ICCU\CNCT\005714</subfield>
    <subfield code="z">Soncino, Girolamo</subfield>
  </datafield>
  <datafield tag="791" ind1="0" ind2="0">
    <subfield code="a">Suncinus, Hieronymus</subfield>
    <subfield code="3">IT\ICCU\CNCT\005715</subfield>
    <subfield code="z">Soncino, Girolamo</subfield>
  </datafield>
  <datafield tag="791" ind1="0" ind2="0">
    <subfield code="a">Sonzino, Hieronymo</subfield>
    <subfield code="3">IT\ICCU\CNCT\005716</subfield>
    <subfield code="z">Soncino, Girolamo</subfield>
  </datafield>
  <datafield tag="801" ind1=" " ind2="3">
    <subfield code="a">IT</subfield>
    <subfield code="b">ICCU</subfield>
    <subfield code="c">20201115</subfield>
  </datafield>
</record>
</collection>
